<?xml version="1.0" encoding="UTF-8"?><collection><record><leader>05879ntm a2200541 a 4500</leader><controlfield tag="001">006491395</controlfield><controlfield tag="003">MiAaHDL</controlfield><controlfield tag="005">20190719000000.0</controlfield><controlfield tag="006">m        d        </controlfield><controlfield tag="007">cr bn ---auaua</controlfield><controlfield tag="008">090424q16781679xx            00| ||ara d</controlfield><datafield tag="035" ind1=" " ind2=" "><subfield code="a">(MiU)006491395</subfield></datafield><datafield tag="035" ind1=" " ind2=" "><subfield code="a">sdr-miu006491395</subfield></datafield><datafield tag="040" ind1=" " ind2=" "><subfield code="a">MiU</subfield><subfield code="c">MiU</subfield><subfield code="e">amremm</subfield></datafield><datafield tag="043" ind1=" " ind2=" "><subfield code="a">n-us-mi</subfield></datafield><datafield tag="100" ind1="1" ind2=" "><subfield code="6">880-01</subfield><subfield code="a">Mawṣilī, ʻAbd Allāh ibn Maḥmūd,</subfield><subfield code="d">1202 or 1203-1284.</subfield></datafield><datafield tag="245" ind1="1" ind2="3"><subfield code="6">880-02</subfield><subfield code="a">[al-Mukhtār lil-fatwá,</subfield><subfield code="f">1089, i.e. 1678 or 1679].</subfield></datafield><datafield tag="246" ind1="3" ind2="8"><subfield code="i">وقايه</subfield></datafield><datafield tag="260" ind1=" " ind2=" "><subfield code="c">[1678 or 1679].</subfield></datafield><datafield tag="300" ind1=" " ind2=" "><subfield code="a">112 leaves :</subfield><subfield code="b">paper ;</subfield><subfield code="c">210 x 158 (139 x 91) mm.</subfield></datafield><datafield tag="500" ind1=" " ind2=" "><subfield code="a">Shelfmark: Ann Arbor, University of Michigan, Special Collections Library, Isl. Ms. 102</subfield></datafield><datafield tag="500" ind1=" " ind2=" "><subfield code="a">Origin: As appears in colophon on p.221, copied by Muṣṭafá ibn ʻAlī ibn [?] Abū [sic] al-Qāsim (Mustafa Ali Ebulkasem) with transcription finished in the year 1089 [1678 or 9].</subfield></datafield><datafield tag="500" ind1=" " ind2=" "><subfield code="a">Former shelfmark: British Museum, London "No. 69. Treatise on law."</subfield></datafield><datafield tag="500" ind1=" " ind2=" "><subfield code="a">Binding: Pasteboards covered in once marbled paper (blue, salmon, etc.) with dark brown leather over spine, foreedge flap and edges/turn-ins ; Type III binding (without flap) ; board linings in laid European paper ; sewn in cream thread, two stations ; worked chevron endbands in red and cream, fair condition ; overall in poor condition with severe abrasion, lifting and losses of paper and leather, staining, moisture damage, pest damage, some delamination of boards, some spine slant (slightly cocked), etc.</subfield></datafield><datafield tag="500" ind1=" " ind2=" "><subfield code="a">Support: European laid paper of two types ; mainly with 7 laid lines per cm. (vertical), chain lines spaced 28 mm. apart (horizontal), three crescents (tre lune) watermark, thick and burnished ; a second type appears in the opening and final quires with 12-13 laid lines per cm. (vertical), chain lines spaced 24-40 mm. apart (horizontal), coat of arms watermark with lions flanking cross in shield above two circles, thin but sturdy and well-burnished ; some staining.</subfield></datafield><datafield tag="500" ind1=" " ind2=" "><subfield code="a">Decoration: Occasional use of red ink to accent section headings.</subfield></datafield><datafield tag="500" ind1=" " ind2=" "><subfield code="a">Script: Naskh ; clear Turkish hand ; virtually serifless, though occasional head serif appears on alif of lām alif ligature, forms a loop to resemble numeral ٩ ; slight effect of tilt to the left ; many open counters ; pointing mainly in distinct dots ; some elongation of horizontal strokes and occasional sweeping descenders ; alif following initial kāf often curves up to form closed loop with shaqq of kāf ; in latter quires, a more vertical, compact hand, showing influence of nastaʻlīq with occasional head serifs, rectilinear descenders, slight effect of words descending to baseline.</subfield></datafield><datafield tag="500" ind1=" " ind2=" "><subfield code="a">Layout: Written in 11 lines per page ; frame-ruled.</subfield></datafield><datafield tag="500" ind1=" " ind2=" "><subfield code="a">Collation: 11 V(110), I (112) ; chiefly quinions ; catchwords present ; pagination in pencil, Western numerals, supplied during digitization.</subfield></datafield><datafield tag="500" ind1=" " ind2=" "><subfield code="a">Colophon: "Scribal," triangular, reads: "تم تم تم تم الكتاب بعون الملك الوهاب يد عبد الضعيف مصطفى بن علي بن [؟] ابو القاسم غفر الله لهم اجمعين سنة تسع وثمانين والف سنة ۱۰۸۹"</subfield></datafield><datafield tag="500" ind1=" " ind2=" "><subfield code="a">Explicit: "ولا يدخل مولى الموالات ولا مولى المولى الا عند عدمهم وان كان له موالي اعتقوه واعتقهم فهي باطلة"</subfield></datafield><datafield tag="500" ind1=" " ind2=" "><subfield code="a">Incipit: "كتاب الطهارة من اراد الصلوة وهو محدث فليتوضأ وفرض الوضوء غسل الوجه واليدين مع المرفقين ومسح ربع الرأس وغسل الرجلين مع الكعبين ..."</subfield></datafield><datafield tag="500" ind1=" " ind2=" "><subfield code="a">Title supplied by cataloguer.</subfield></datafield><datafield tag="500" ind1=" " ind2=" "><subfield code="a">Ms. codex.</subfield></datafield><datafield tag="510" ind1="4" ind2=" "><subfield code="a">Brockelmann, C. GAL,</subfield><subfield code="c">I, 382</subfield></datafield><datafield tag="520" ind1="8" ind2=" "><subfield code="a">Clear copy of Abū al-Faḍl ʻAbd Allāh ibn Maḥmūd ibn Mawdūd al-Mawṣilī al-Buldajī’s (d.1284) compendium of Ḥanafī legal decisions. This copy lacks the introductory matter but opens directly with Kitāb al-Ṭahārah. See Mich. Isl. Ms. 78, 101, 542 and 543 for other ms. copies of this work.</subfield></datafield><datafield tag="538" ind1=" " ind2=" "><subfield code="a">Mode of access: Internet.</subfield></datafield><datafield tag="541" ind1=" " ind2=" "><subfield code="c">Purchase ;</subfield><subfield code="a">Acquired by purchase (funds donated by Horace Rackham).</subfield><subfield code="d">1924.</subfield></datafield><datafield tag="546" ind1=" " ind2=" "><subfield code="a">Arabic.</subfield></datafield><datafield tag="561" ind1=" " ind2=" "><subfield code="a">Bookplate of British Museum, London on interior of upper cover, "British Museum, London. No. 69. Treatise on law." ; circular seal impression with figure of goat/gazelle in purple ink as well as inscription "344" in Western numerals on 'title page' (p.1) ; on paper (blue-tinted) pasted on ’title page’ (p.1), a detailed waqf statement in the name of al-Sayyid ʻAbd Allāh Adīb (Abdullah Edip), known as Jannatʹzādah (Cennet-zade), qāḍī of Erzurum, accompanied by his seal, reads: "وقفت وقفا صحيحا شرعيا على ان لا يخرج من بيت الكتب الملتصق بداري الا لعلماء سكنوا بارضروم بكفيل مرعى اورهن قوي وانا الفقير اليه عز شانه السيد عبد الله اديب الشهير بجنت زاده القاضي بمدينة ارضروم في سنة اثنى وستين ومائتين والف" ; oval seal impression on 'title page' (p.1), virtually illegible ; marginal glosses and corrections.</subfield></datafield><datafield tag="650" ind1=" " ind2="0"><subfield code="a">Manuscripts, Arabic</subfield><subfield code="z">Michigan</subfield><subfield code="z">Ann Arbor.</subfield></datafield><datafield tag="650" ind1=" " ind2="0"><subfield code="a">Fatwas</subfield><subfield code="y">13th century.</subfield></datafield><datafield tag="650" ind1=" " ind2="0"><subfield code="a">Hanafites</subfield><subfield code="v">Early works to 1800.</subfield></datafield><datafield tag="650" ind1=" " ind2="0"><subfield code="a">Islamic law</subfield><subfield code="v">Early works to 1800.</subfield></datafield><datafield tag="700" ind1="0" ind2=" "><subfield code="6">880-05</subfield><subfield code="a">Mustafa Ali Ebü'l-Kasem,</subfield><subfield code="d">fl. 1678 or 9,</subfield><subfield code="e">scribe.</subfield></datafield><datafield tag="773" ind1="0" ind2=" "><subfield code="a">Tiflis Collection.</subfield></datafield><datafield tag="880" ind1="0" ind2=" "><subfield code="6">700-05/</subfield><subfield code="a">مصطفى بن علي بن ابو القاسم,</subfield><subfield code="e">ناسخ.</subfield></datafield><datafield tag="880" ind1="1" ind2="2"><subfield code="6">245-02/</subfield><subfield code="a">[المختار للفتوى,</subfield><subfield code="f">1089ه, 1678 أو 1679م].</subfield></datafield><datafield tag="880" ind1="1" ind2=" "><subfield code="6">100-01/</subfield><subfield code="a">موصلي، عبد الله بن محمود.</subfield></datafield><datafield tag="CID" ind1=" " ind2=" "><subfield code="a">006491395</subfield></datafield><datafield tag="DAT" ind1="0" ind2=" "><subfield code="a">20190719102634.0</subfield><subfield code="b">20190719000000.0</subfield></datafield><datafield tag="DAT" ind1="1" ind2=" "><subfield code="a">20190719090653.0</subfield><subfield code="b">2019-07-19T16:11:00Z</subfield></datafield><datafield tag="DAT" ind1="2" ind2=" "><subfield code="a">2015-10-10T18:00:06Z</subfield></datafield><datafield tag="CAT" ind1=" " ind2=" "><subfield code="a">SDR-MIU</subfield><subfield code="d">EX LIBRIS - ALEPH</subfield><subfield code="l">prepare.pl-004-008</subfield></datafield><datafield tag="FMT" ind1=" " ind2=" "><subfield code="a">BK</subfield></datafield><datafield tag="HOL" ind1=" " ind2=" "><subfield code="0">sdr-miu006491395</subfield><subfield code="a">MiU</subfield><subfield code="b">SDR</subfield><subfield code="c">MIU</subfield><subfield code="p">mdp.39015079124650</subfield><subfield code="s">MIU</subfield><subfield code="1">006491395</subfield></datafield><datafield tag="974" ind1=" " ind2=" "><subfield code="b">MIU</subfield><subfield code="c">MIU</subfield><subfield code="d">20190719</subfield><subfield code="s">lit-dlps-dc</subfield><subfield code="u">mdp.39015079124650</subfield><subfield code="y">1679</subfield><subfield code="r">pd</subfield><subfield code="q">bib</subfield><subfield code="t">non-US bib date2 &lt; 1896</subfield></datafield></record></collection>